
@INPROCEEDINGS{2021-kerdegari-ISBI-IEEE,
  author={Kerdegari, Hamideh and Nhat, Phung Tran Huy and McBride, Angela and Razavi, Reza and Hao, Nguyen Van and Thwaites, Louise and Yacoub, Sophie and Gomez, Alberto},
  booktitle={2021 IEEE 18th International Symposium on Biomedical Imaging (ISBI)},
  title={Automatic Detection of B-lines in Lung Ultrasound Videos from Severe Dengue Patients},
  year={2021},
  volume={},
  number={},
  pages={989-993},
  doi={10.1109/ISBI48211.2021.9434006}
}

@Article{2021-kerdegari-Applied-Sciences-MDPI,
AUTHOR = {Kerdegari, Hamideh and Phung, Nhat Tran Huy and McBride, Angela and Pisani, Luigi and Nguyen, Hao Van and Duong, Thuy Bich and Razavi, Reza and Thwaites, Louise and Yacoub, Sophie and Gomez, Alberto and VITAL Consortium},
TITLE = {B-Line Detection and Localization in Lung Ultrasound Videos Using Spatiotemporal Attention},
JOURNAL = {Applied Sciences},
VOLUME = {11},
YEAR = {2021},
NUMBER = {24},
ARTICLE-NUMBER = {11697},
URL = {https://www.mdpi.com/2076-3417/11/24/11697},
ISSN = {2076-3417},
DOI = {10.3390/app112411697}
}




@techreport{2021-huyNhat-kerdegari-in-FAIR-MICCAI,
author={
Phung Tran Huy Nhat and
Hamideh Kerdegari and
Angela McBride and
Luigi Pisani and
Nguyen Van Hao and
Le Dinh Van Khoa and
Shujie Deng and
Le Ngoc Minh Thu and
Duong Bich Thuy and VITAL Consortium and
Marcus J. Schultz and
Reza Razavi and
Andrew P. King and
Louise Thwaites and
Sophie Yacoub and
Alberto Gomez
},
title={Lung Ultrasound Pathology Classification for ICU Patient Management in LMIC},
year={2021},
month={September},
type={White paper},
booktitle="Domain Adaptation and Representation Transfer, and Affordable Healthcare and AI for Resource Diverse Global Health",
}


@techreport{2021-huyNhat-vanHao-in-FAIR-MICCAI,
author={
Huy Nhat Phung Tran and
Nguyen Van Hao and
Luigi Pisani and
Hamideh Kerdegari and
Duong Bich Thuy and
Le Ngoc Minh Thu and
Truong Thi Phuong Thao and
Le Thi Mai Thao and
Ha Thi Hai Duong and
MarcusJ. Schultz and
Reza Razavi and
Andrew P. King and
Louise Thwaites and
Sophie Yacoub and
Alberto Gomez
},
title={Role of AI-enabled Ultrasound Imaging in a Resource Limited Intensive Care Unit},
year={2021},
month={September},
type={White paper},
booktitle="Domain Adaptation and Representation Transfer, and Affordable Healthcare and AI for Resource Diverse Global Health",
}


@misc{iandola2017squeezenet,
title={SqueezeNet: AlexNet-level accuracy with 50x fewer parameters and \ensuremath{<}0.5{MB} model size},
author={Forrest N. Iandola and Song Han and Matthew W. Moskewicz and Khalid Ashraf and William J. Dally and Kurt Keutzer},
year={2017},
url={https://openreview.net/forum?id=S1xh5sYgx}
}

@article{Al-Dhabyani2019-IJACSA,
title = {Deep Learning Approaches for Data Augmentation and Classification of Breast Masses using Ultrasound Images},
journal = {International Journal of Advanced Computer Science and Applications},
doi = {10.14569/IJACSA.2019.0100579},
url = {http://dx.doi.org/10.14569/IJACSA.2019.0100579},
year = {2019},
publisher = {The Science and Information Organization},
volume = {10},
number = {5},
author = {Walid Al-Dhabyani and Mohammed Gomaa and Hussien Khaled and Aly Fahmy}
} 

@InProceedings{toussaint2018-MICCAI,
author="Toussaint, Nicolas
and Khanal, Bishesh
and Sinclair, Matthew
and Gomez, Alberto
and Skelton, Emily
and Matthew, Jacqueline
and Schnabel, Julia A.",
title="Weakly Supervised Localisation for Fetal Ultrasound Images",
booktitle="Deep Learning in Medical Image Analysis and Multimodal Learning for Clinical Decision Support",
year="2018",
publisher="Springer International Publishing",
address="Cham",
pages="192--200",
isbn="978-3-030-00889-5"
}
editor="Stoyanov, Danail
and Taylor, Zeike
and Carneiro, Gustavo
and Syeda-Mahmood, Tanveer
and Martel, Anne
and Maier-Hein, Lena
and Tavares, Jo{\~a}o Manuel R.S.
and Bradley, Andrew
and Papa, Jo{\~a}o Paulo
and Belagiannis, Vasileios
and Nascimento, Jacinto C.
and Lu, Zhi
and Conjeti, Sailesh
and Moradi, Mehdi
and Greenspan, Hayit
and Madabhushi, Anant",

@article{boice2022-in-jimaging,
AUTHOR = {Boice, Emily N. and Hernandez-Torres, Sofia I. and Snider, Eric J.},
TITLE = {Comparison of Ultrasound Image Classifier Deep Learning Algorithms for Shrapnel Detection},
JOURNAL = {Journal of Imaging},
VOLUME = {8},
YEAR = {2022},
NUMBER = {5},
ARTICLE-NUMBER = {140},
URL = {https://www.mdpi.com/2313-433X/8/5/140},
PubMedID = {35621904},
ISSN = {2313-433X},
DOI = {10.3390/jimaging8050140}
}



@article{snider2022-ScientificReports,
author={Snider, Eric J.
and Hernandez-Torres, Sofia I.
and Boice, Emily N.},
title={An image classification deep-learning algorithm for shrapnel detection from ultrasound images},
journal={Scientific Reports},
year={2022},
month={May},
day={19},
volume={12},
number={1},
pages={8427},
abstract={Ultrasound imaging is essential for non-invasively diagnosing injuries where advanced diagnostics may not be possible. However, image interpretation remains a challenge as proper expertise may not be available. In response, artificial intelligence algorithms are being investigated to automate image analysis and diagnosis. Here, we highlight an image classification convolutional neural network for detecting shrapnel in ultrasound images. As an initial application, different shrapnel types and sizes were embedded first in a tissue mimicking phantom and then in swine thigh tissue. The algorithm architecture was optimized stepwise by minimizing validation loss and maximizing F1 score. The final algorithm design trained on tissue phantom image sets had an F1 score of 0.95 and an area under the ROC curve of 0.95. It maintained higher than a 90{\%} accuracy for each of 8 shrapnel types. When trained only on swine image sets, the optimized algorithm format had even higher metrics: F1 and area under the ROC curve of 0.99. Overall, the algorithm developed resulted in strong classification accuracy for both the tissue phantom and animal tissue. This framework can be applied to other trauma relevant imaging applications such as internal bleeding to further simplify trauma medicine when resources and image interpretation are scarce.},
issn={2045-2322},
doi={10.1038/s41598-022-12367-2},
url={https://doi.org/10.1038/s41598-022-12367-2}
}



@ARTICLE{baumgartner2017-IEEETransMedImag,
  author={Baumgartner, Christian F. and Kamnitsas, Konstantinos and Matthew, Jacqueline and Fletcher, Tara P. and Smith, Sandra and Koch, Lisa M. and Kainz, Bernhard and Rueckert, Daniel},
  journal={IEEE Transactions on Medical Imaging}, 
  title={SonoNet: Real-Time Detection and Localisation of Fetal Standard Scan Planes in Freehand Ultrasound}, 
  year={2017},
  volume={36},
  number={11},
  pages={2204-2215},
  doi={10.1109/TMI.2017.2712367}
}

@article{xie2020-physics-in-medicine-biology,
	doi = {10.1088/1361-6560/abc5c7},
	url = {https://doi.org/10.1088/1361-6560/abc5c7},
	year = 2020,
	month = {dec},
	publisher = {{IOP} Publishing},
	volume = {65},
	number = {24},
	pages = {245001},
	author = {Jiang Xie and Xiangshuai Song and Wu Zhang and Qi Dong and Yan Wang and Fenghua Li and Caifeng Wan},
	title = {A novel approach with dual-sampling convolutional neural network for ultrasound image classification of breast tumors},
	journal = {Physics in Medicine and Biology},
}


@article{evain2022-medimag-ieee,
  author={Evain, Ewan and Sun, Yunyun and Faraz, Khuram and Garcia, Damien and Saloux, Eric and Gerber, Bernhard L. and De Craene, Mathieu and Bernard, Olivier},
  journal={IEEE Transactions on Medical Imaging}, 
  title={Motion estimation by deep learning in 2D echocardiography: synthetic dataset and validation}, 
  year={2022},
  volume={},
  number={},
  pages={1-1},
  doi={10.1109/TMI.2022.3151606}
}


@article{zhang2022-mdpi,
AUTHOR = {Zhang, Zisang and Zhu, Ye and Liu, Manwei and Zhang, Ziming and Zhao, Yang and Yang, Xin and Xie, Mingxing and Zhang, Li},
TITLE = {Artificial Intelligence-Enhanced Echocardiography for Systolic Function Assessment},
JOURNAL = {Journal of Clinical Medicine},
VOLUME = {11},
YEAR = {2022},
NUMBER = {10},
ARTICLE-NUMBER = {2893},
URL = {https://www.mdpi.com/2077-0383/11/10/2893},
PubMedID = {35629019},
ISSN = {2077-0383},
DOI = {10.3390/jcm11102893}
}

@article{liu2021JMIA,
title = {Deep pyramid local attention neural network for cardiac structure segmentation in two-dimensional echocardiography},
journal = {Medical Image Analysis},
volume = {67},
pages = {101873},
year = {2021},
issn = {1361-8415},
doi = {https://doi.org/10.1016/j.media.2020.101873},
url = {https://www.sciencedirect.com/science/article/pii/S1361841520302371},
author = {Fei Liu and Kun Wang and Dan Liu and Xin Yang and Jie Tian},
keywords = {2D echocardiography, Cardiac structure segmentation, Pyramid local attention, Label coherence learning},
}

@Article{ahn2022,
author = {Chi Young and Ahn and  and 20983 and  and Chi Young Ahn and Sangwoon and Yun and  and 20984 and  and Sangwoon Yun},
title = {Nonconvex Constrained Minimisation for 3D Left Ventricular Shape Recovery Using 2D Echocardiography Data},
journal = {East Asian Journal on Applied Mathematics},
year = {2021},
volume = {12},
number = {1},
pages = {111--124},
issn = {2079-7370},
doi = {https://doi.org/10.4208/eajam.120321.220721},
url = {http://global-sci.org/intro/article_detail/eajam/19923.html}
}

@article{aviles2017,
author={Aviles, Angelica I.
and Widlak, Thomas
and Casals, Alicia
and Nillesen, Maartje M.
and Ammari, Habib},
title={Robust cardiac motion estimation using ultrafast ultrasound data: a low-rank topology-preserving approach},
journal={Physics in Medicine and Biology},
year={2017},
month={May},
day={18},
publisher={IOP Publishing},
volume={62},
number={12},
pages={4831-4851},
issn={0031-9155},
doi={10.1088/1361-6560/aa6914},
url={https://doi.org/10.1088/1361-6560/aa6914}
}

@article{wu2022,
title = {Semi-supervised segmentation of echocardiography videos via noise-resilient spatiotemporal semantic calibration and fusion},
journal = {Medical Image Analysis},
volume = {78},
pages = {102397},
year = {2022},
issn = {1361-8415},
doi = {https://doi.org/10.1016/j.media.2022.102397},
url = {https://www.sciencedirect.com/science/article/pii/S1361841522000494},
author = {Huisi Wu and Jiasheng Liu and Fangyan Xiao and Zhenkun Wen and Lan Cheng and Jing Qin},
keywords = {Echocardiography, Video semantic segmentation, Deep learning, Temporal context extraction, Spatiotemporal semantic calibration, Spatiotemporal semantic fusion},
}

@Article{ono2022,
AUTHOR = {Ono, Shunzaburo and Komatsu, Masaaki and Sakai, Akira and Arima, Hideki and Ochida, Mie and Aoyama, Rina and Yasutomi, Suguru and Asada, Ken and Kaneko, Syuzo and Sasano, Tetsuo and Hamamoto, Ryuji},
TITLE = {Automated Endocardial Border Detection and Left Ventricular Functional Assessment in Echocardiography Using Deep Learning},
JOURNAL = {Biomedicines},
VOLUME = {10},
YEAR = {2022},
NUMBER = {5},
ARTICLE-NUMBER = {1082},
URL = {https://www.mdpi.com/2227-9059/10/5/1082},
ISSN = {2227-9059},
DOI = {10.3390/biomedicines10051082}
}


@Article{tromp2022,
author={Tromp, Jasper
and Seekings, Paul J.
and Hung, Chung-Lieh
and Iversen, Mathias B{\o}tcher
and Frost, Matthew James
and Ouwerkerk, Wouter
and Jiang, Zhubo
and Eisenhaber, Frank
and Goh, Rick S. M.
and Zhao, Heng
and Huang, Weimin
and Ling, Lieng-Hsi
and Sim, David
and Cozzone, Patrick
and Richards, A. Mark
and Lee, Hwee Kuan
and Solomon, Scott D.
and Lam, Carolyn S. P.
and Ezekowitz, Justin A.},
title={Automated interpretation of systolic and diastolic function on the echocardiogram: a multicohort study},
journal={The Lancet Digital Health},
year={2022},
month={Jan},
day={01},
publisher={Elsevier},
volume={4},
number={1},
pages={e46-e54},
issn={2589-7500},
doi={10.1016/S2589-7500(21)00235-1},
url={https://doi.org/10.1016/S2589-7500(21)00235-1}
}



@Article{Bar2020,
author={Bar, Omri
and Neimark, Daniel
and Zohar, Maya
and Hager, Gregory D.
and Girshick, Ross
and Fried, Gerald M.
and Wolf, Tamir
and Asselmann, Dotan},
title={Impact of data on generalization of AI for surgical intelligence applications},
journal={Scientific Reports},
year={2020},
month={Dec},
day={17},
volume={10},
number={1},
pages={22208},
issn={2045-2322},
doi={10.1038/s41598-020-79173-6},
url={https://doi.org/10.1038/s41598-020-79173-6}
}



@Article{hong2022,
author="Hong, Na
and Liu, Chun
and Gao, Jianwei
and Han, Lin
and Chang, Fengxiang
and Gong, Mengchun
and Su, Longxiang",
title="State of the Art of Machine Learning--Enabled Clinical Decision Support in Intensive Care Units: Literature Review",
journal="JMIR Med Inform",
year="2022",
month="Mar",
day="3",
volume="10",
number="3",
pages="e28781",
keywords="machine learning; intensive care units; clinical decision support; prediction model; artificial intelligence; electronic health records",
issn="2291-9694",
doi="10.2196/28781",
url="https://medinform.jmir.org/2022/3/e28781",
url="https://doi.org/10.2196/28781",
url="http://www.ncbi.nlm.nih.gov/pubmed/35238790"
}

@Article{hanson2001,
author={Hanson III, C. William
and Marshall, Bryan E.},
title={Artificial intelligence applications in the intensive care unit},
journal={Critical Care Medicine},
year={2001},
volume={29},
number={2},
keywords={intensive care unit; artificial intelligence; expert systems; computer-assisted diagnosis; computer-assisted therapy; decision support techniques; neural networks; algorithms; fuzzy logic; data display; computer simulation; clinical decision support systems; management decision support systems},
issn={0090-3493},
url={https://journals.lww.com/ccmjournal/Fulltext/2001/02000/Artificial_intelligence_applications_in_the.38.aspx}
}

@INPROCEEDINGS{jafari2021,
  author={Jafari, Mohammad H. and Woudenberg, Nathan Van and Luong, Christina and Abolmaesumi, Purang and Tsang, Teresa},
  booktitle={2021 IEEE 18th International Symposium on Biomedical Imaging (ISBI)}, 
  title={Deep Bayesian Image Segmentation For A More Robust Ejection Fraction Estimation}, 
  year={2021},
  volume={},
  number={},
  pages={1264-1268},
  doi={10.1109/ISBI48211.2021.9433781}
}

@Article{ulloaCerna2021,
author={Ulloa Cerna, Alvaro E.
and Jing, Linyuan
and Good, Christopher W.
and vanMaanen, David P.
and Raghunath, Sushravya
and Suever, Jonathan D.
and Nevius, Christopher D.
and Wehner, Gregory J.
and Hartzel, Dustin N.
and Leader, Joseph B.
and Alsaid, Amro
and Patel, Aalpen A.
and Kirchner, H. Lester
and Pfeifer, John M.
and Carry, Brendan J.
and Pattichis, Marios S.
and Haggerty, Christopher M.
and Fornwalt, Brandon K.},
title={Deep-learning-assisted analysis of echocardiographic videos improves predictions of all-cause mortality},
journal={Nature Biomedical Engineering},
year={2021},
month={Jun},
day={01},
volume={5},
number={6},
pages={546-554},
issn={2157-846X},
doi={10.1038/s41551-020-00667-9},
url={https://doi.org/10.1038/s41551-020-00667-9}
}




@article{behnami2020,
author = {Delaram Behnami and Christina Luong and Hooman Vaseli and Hany Girgis and Amir Abdi and Dale Hawley and Ken Gin and Robert Rohling and Purang Abolmaesumi and Teresa Tsang},
title = {Automatic cine-based detection of patients at high risk of heart failure with reduced ejection fraction in echocardiograms},
journal = {Computer Methods in Biomechanics and Biomedical Engineering: Imaging \& Visualization},
volume = {8},
number = {5},
pages = {502-508},
year  = {2020},
publisher = {Taylor and Francis},
doi = {10.1080/21681163.2019.1650398},
URL = { 
        https://doi.org/10.1080/21681163.2019.1650398
},
eprint = { 
        https://doi.org/10.1080/21681163.2019.1650398
}
}

@InProceedings{woudenberg2018,
author="Van Woudenberg, Nathan
and Liao, Zhibin
and Abdi, Amir H.
and Girgis, Hani
and Luong, Christina
and Vaseli, Hooman
and Behnami, Delaram
and Zhang, Haotian
and Gin, Kenneth
and Rohling, Robert
and Tsang, Teresa
and Abolmaesumi, Purang",
editor="Stoyanov, Danail
and Taylor, Zeike
and Aylward, Stephen
and Tavares, Jo{\~a}o Manuel R.S.
and Xiao, Yiming
and Simpson, Amber
and Martel, Anne
and Maier-Hein, Lena
and Li, Shuo
and Rivaz, Hassan
and Reinertsen, Ingerid
and Chabanas, Matthieu
and Farahani, Keyvan",
title="Quantitative Echocardiography: Real-Time Quality Estimation and View Classification Implemented on a Mobile Android Device",
booktitle="Simulation, Image Processing, and Ultrasound Systems for Assisted Diagnosis and Navigation",
year="2018",
publisher="Springer International Publishing",
address="Cham",
pages="74--81",
isbn="978-3-030-01045-4"
}

@Article{francesconi2021,
author={Francesconi, Martina
and Martina, Maria Raffaella
and Armenia, Silvia
and Buzzelli, Andrea
and Di Franco, Gregorio
and Gemignani, Vincenzo
and Bianchini, Elisabetta
and Bruno, Rosa Maria},
title={Technical Validation and Usability of a Portable Ultrasound-Based System for Carotid Assessment of Vascular Ageing: A{\&}{\#}xa0;Pilot Study},
journal={Heart, Lung and Circulation},
year={2021},
month={Nov},
day={01},
publisher={Elsevier},
volume={30},
number={11},
pages={1734-1743},
issn={1443-9506},
doi={10.1016/j.hlc.2021.06.530},
url={https://doi.org/10.1016/j.hlc.2021.06.530}
}

@INPROCEEDINGS{alessandrini2015_isbi,
  author={Alessandrini, M. and Heyde, B. and Giffard-Roisin, S. and Delingette, H. and Sermesant, M. and Allain, P. and Bernard, O. and De Craene, M. and D'hooge, J.},
  booktitle={2015 IEEE 12th International Symposium on Biomedical Imaging (ISBI)}, 
  title={Generation of ultra-realistic synthetic echocardiographic sequences to facilitate standardization of deformation imaging}, 
  year={2015},
  volume={},
  number={},
  pages={756-759},
  doi={10.1109/ISBI.2015.7163982}
  }


@ARTICLE{alessandrini2018,
  author={Alessandrini, Martino and Chakraborty, Bidisha and Heyde, Brecht and Bernard, Olivier and De Craene, Mathieu and Sermesant, Maxime and D’Hooge, Jan},
  journal={IEEE Transactions on Ultrasonics, Ferroelectrics, and Frequency Control}, 
  title={Realistic Vendor-Specific Synthetic Ultrasound Data for Quality Assurance of 2-D Speckle Tracking Echocardiography: Simulation Pipeline and Open Access Database}, 
  year={2018},
  volume={65},
  number={3},
  pages={411-422},
  doi={10.1109/TUFFC.2017.2786300}
  }


@misc{brindise2020unsupervised,
      title={Unsupervised Segmentation of B-Mode Echocardiograms}, 
      author={Melissa C. Brindise and Brett A. Meyers and Shelby Kutty and Pavlos P. Vlachos},
      year={2020},
      eprint={2010.11816},
      archivePrefix={arXiv},
      primaryClass={eess.IV}
}

@article {Meyers2020,
	author = {Meyers, Brett A. and Brindise, Melissa C. and Payne, R. Mark and Vlachos, Pavlos P.},
	title = {An Integrated and Automated Tool for Quantification of Biomechanics in Fetal and Neonatal Echocardiography},
	elocation-id = {2020.10.21.20217265},
	year = {2021},
	doi = {10.1101/2020.10.21.20217265},
	publisher = {Cold Spring Harbor Laboratory Press},
	URL = {https://www.medrxiv.org/content/early/2021/06/22/2020.10.21.20217265},
	eprint = {https://www.medrxiv.org/content/early/2021/06/22/2020.10.21.20217265.full.pdf},
	journal = {medRxiv}
}


@article{khamis2017,
title = {Automatic apical view classification of echocardiograms using a discriminative learning dictionary},
journal = {Medical Image Analysis},
volume = {36},
pages = {15-21},
year = {2017},
issn = {1361-8415},
doi = {https://doi.org/10.1016/j.media.2016.10.007},
url = {https://www.sciencedirect.com/science/article/pii/S1361841516301876},
author = {Hanan Khamis and Grigoriy Zurakhov and Vered Azar and Adi Raz and Zvi Friedman and Dan Adam},
keywords = {Echocardiography, Echocardiogram classification, Cuboid-detector, Supervised dictionary learning, LC-KSVD},
}

@InProceedings{lu2020-MIUA,
author="Lu, Ping
and Qiu, Huaqi
and Qin, Chen
and Bai, Wenjia
and Rueckert, Daniel
and Noble, J. Alison",
editor="Papie{\.{z}}, Bart{\l}omiej W.
and Namburete, Ana I. L.
and Yaqub, Mohammad
and Noble, J. Alison",
title="Going Deeper into Cardiac Motion Analysis to Model Fine Spatio-Temporal Features",
booktitle="Medical Image Understanding and Analysis",
year="2020",
publisher="Springer International Publishing",
address="Cham",
pages="294--306",
isbn="978-3-030-52791-4"
}


@InProceedings{reynaud2021-MICCAI,
author="Reynaud, Hadrien
and Vlontzos, Athanasios
and Hou, Benjamin
and Beqiri, Arian
and Leeson, Paul
and Kainz, Bernhard",
editor="de Bruijne, Marleen
and Cattin, Philippe C.
and Cotin, St{\'e}phane
and Padoy, Nicolas
and Speidel, Stefanie
and Zheng, Yefeng
and Essert, Caroline",
title="Ultrasound Video Transformers for Cardiac Ejection Fraction Estimation",
booktitle="Medical Image Computing and Computer Assisted Intervention -- MICCAI 2021",
year="2021",
publisher="Springer International Publishing",
address="Cham",
pages="495--505",
isbn="978-3-030-87231-1"
}

@InProceedings{rubin2021-PMLH,
  title = 	 {Attention Distillation for Detection Transformers: Application to Real-Time Video Object Detection in Ultrasound},
  author =       {Rubin, Jonathan and Erkamp, Ramon and Naidu, Ragha Srinivasa and Thodiyil, Anumod Odungatta and Chen, Alvin},
  booktitle = 	 {Proceedings of Machine Learning for Health},
  pages = 	 {26--37},
  year = 	 {2021},
  editor = 	 {Roy, Subhrajit and Pfohl, Stephen and Rocheteau, Emma and Tadesse, Girmaw Abebe and Oala, Luis and Falck, Fabian and Zhou, Yuyin and Shen, Liyue and Zamzmi, Ghada and Mugambi, Purity and Zirikly, Ayah and McDermott, Matthew B. A. and Alsentzer, Emily},
  volume = 	 {158},
  series = 	 {Proceedings of Machine Learning Research},
  month = 	 {04 Dec},
  publisher =    {PMLR},
  pdf = 	 {https://proceedings.mlr.press/v158/rubin21a/rubin21a.pdf},
  url = 	 {https://proceedings.mlr.press/v158/rubin21a.html},
}

@Article{hao2021-wellcome,
AUTHOR = { Hao, NV and Yen, LM and Davies-Foote, R and Trung, TN and Duoc, NVT and Trang, VTN and Nhat, PTH and Duc, DH and Anh, NTK and Lieu, PT and Thuy, TTD and Thuy, DB and Phong, NT and Truong, NT and Thanh, PB and Tam, DTH and Puthucheary, Z and Thwaites, CL},
TITLE = {The management of tetanus in adults in an intensive care unit in Southern Vietnam [version 2; peer review: 3 approved]},
JOURNAL = {Wellcome Open Research},
VOLUME = {6},
YEAR = {2021},
NUMBER = {107},
DOI = {10.12688/wellcomeopenres.16731.2}
}

@article{dong2020-MIA,
title = {Deep Atlas Network for Efficient 3D Left Ventricle Segmentation on Echocardiography},
journal = {Medical Image Analysis},
volume = {61},
pages = {101638},
year = {2020},
issn = {1361-8415},
doi = {https://doi.org/10.1016/j.media.2020.101638},
url = {https://www.sciencedirect.com/science/article/pii/S1361841520300050},
author = {Suyu Dong and Gongning Luo and Clara Tam and Wei Wang and Kuanquan Wang and Shaodong Cao and Bo Chen and Henggui Zhang and Shuo Li},
keywords = {3D left ventricle segmentation, Echocardiography, Deep atlas network, Information consistency constraint},
}

@InProceedings{dong2018-MICCAI,
author="Dong, Suyu
and Luo, Gongning
and Wang, Kuanquan
and Cao, Shaodong
and Mercado, Ashley
and Shmuilovich, Olga
and Zhang, Henggui
and Li, Shuo",
editor="Frangi, Alejandro F.
and Schnabel, Julia A.
and Davatzikos, Christos
and Alberola-L{\'o}pez, Carlos
and Fichtinger, Gabor",
title="VoxelAtlasGAN: 3D Left Ventricle Segmentation on Echocardiography with Atlas Guided Generation and Voxel-to-Voxel Discrimination",
booktitle="Medical Image Computing and Computer Assisted Intervention -- MICCAI 2018",
year="2018",
publisher="Springer International Publishing",
address="Cham",
pages="622--629",
isbn="978-3-030-00937-3"
}

@INPROCEEDINGS{smistad2021-D-IUS,
  author={Smistad, Erik and Steinsland, Erik Nikolai and Løvstakken, Lasse},
  booktitle={2021 IEEE International Ultrasonics Symposium (IUS)}, 
  title={Real-time 3D left ventricle segmentation and ejection fraction using deep learning}, 
  year={2021},
  volume={},
  number={},
  pages={1-3},
  doi={10.1109/IUS52206.2021.9593301}
}

@INPROCEEDINGS{smistad2021-C-IUS,
  author={Smistad, Erik and Salte, Ivar Mjåland and Dalen, Håvard and Lovstakken, Lasse},
  booktitle={2021 IEEE International Ultrasonics Symposium (IUS)}, 
  title={Real-time temporal coherent left ventricle segmentation using convolutional LSTMs}, 
  year={2021},
  volume={},
  number={},
  pages={1-4},
  doi={10.1109/IUS52206.2021.9593668}
}

@INPROCEEDINGS{smistad2021-B-IUS,
  author={Smistad, Erik and Lie, Torgrim and Johansen, Kaj Fredrik},
  booktitle={2021 IEEE International Ultrasonics Symposium (IUS)}, 
  title={Real-time segmentation of blood vessels, nerves and bone in ultrasound-guided regional anesthesia using deep learning}, 
  year={2021},
  volume={},
  number={},
  pages={1-4},
  doi={10.1109/IUS52206.2021.9593525}
}


@INPROCEEDINGS{smistad2021-A-IUS,
  author={Smistad, Erik and Østvik, Andreas and Løvstakken, Lasse},
  booktitle={2021 IEEE International Ultrasonics Symposium (IUS)}, 
  title={Annotation Web - An open-source web-based annotation tool for ultrasound images}, 
  year={2021},
  volume={},
  number={},
  pages={1-4},
  doi={10.1109/IUS52206.2021.9593336}
}

@ARTICLE{ostvik2021-TMI,
  author={Østvik, Andreas and Salte, Ivar Mjåland and Smistad, Erik and Nguyen, Thuy Mi and Melichova, Daniela and Brunvand, Harald and Haugaa, Kristina and Edvardsen, Thor and Grenne, Bjørnar and Lovstakken, Lasse},
  journal={IEEE Transactions on Medical Imaging}, 
  title={Myocardial Function Imaging in Echocardiography Using Deep Learning}, 
  year={2021},
  volume={40},
  number={5},
  pages={1340-1351},
  doi={10.1109/TMI.2021.3054566}
}


@article{SALTE2021-JACC,
title = {Artificial Intelligence for Automatic Measurement of Left Ventricular Strain in Echocardiography},
journal = {JACC: Cardiovascular Imaging},
year = {2021},
issn = {1936-878X},
doi = {https://doi.org/10.1016/j.jcmg.2021.04.018},
url = {https://www.sciencedirect.com/science/article/pii/S1936878X21003636},
author = {Ivar M. Salte and Andreas Østvik and Erik Smistad and Daniela Melichova and Thuy Mi Nguyen and Sigve Karlsen and Harald Brunvand and Kristina H. Haugaa and Thor Edvardsen and Lasse Lovstakken and Bjørnar Grenne},
keywords = {artificial intelligence, artificial neural networks, deep learning, echocardiography, global longitudinal strain, machine learning}
}


@ARTICLE{leclerc2019-IEEETransMedicalImaging,
  author={Leclerc, Sarah and Smistad, Erik and Pedrosa, João and Østvik, Andreas and Cervenansky, Frederic and Espinosa, Florian and Espeland, Torvald and Berg, Erik Andreas Rye and Jodoin, Pierre-Marc and Grenier, Thomas and Lartizien, Carole and D’hooge, Jan and Lovstakken, Lasse and Bernard, Olivier},
  journal={IEEE Transactions on Medical Imaging}, 
  title={Deep Learning for Segmentation Using an Open Large-Scale Dataset in 2D Echocardiography}, 
  year={2019},
  volume={38},
  number={9},
  pages={2198-2210},
  doi={10.1109/TMI.2019.2900516}
}



@article{hong2021JACC,
author = {Ha Hong  and Samuel Surette  and Ali Khalid Chaudhry  and Nripesh Parajuli  and Charles Cadieu  and Randolph Martin  and James Thomas },
title = {AI-GUIDED ECHOCARDIOGRAPHY SYSTEM MATCHES THE IMAGE QUALITY ASSESSMENT ABILITY OF CARDIAC SONOGRAPHERS},
journal = {Journal of the American College of Cardiology},
volume = {77},
number = {18 Supplement 1},
pages = {3240-3240},
year = {2021},
doi = {10.1016/S0735-1097(21)04594-0},
}

@article{CHEEMA2021JACCCaseReports,
title = {Artificial Intelligence–Enabled POCUS in the COVID-19 ICU: A New Spin on Cardiac Ultrasound},
journal = {JACC: Case Reports},
volume = {3},
number = {2},
pages = {258-263},
year = {2021},
issn = {2666-0849},
doi = {https://doi.org/10.1016/j.jaccas.2020.12.013},
url = {https://www.sciencedirect.com/science/article/pii/S2666084920314637},
author = {Baljash S. Cheema and James Walter and Akhil Narang and James D. Thomas},
keywords = {artificial intelligence, cardiac ultrasound, COVID-19, deep learning, point of care ultrasound},
}


@article{Narang2021JAMACARDIOLOGY,
    author = {Narang, Akhil and Bae, Richard and Hong, Ha and Thomas, Yngvil and Surette, Samuel and Cadieu, Charles and Chaudhry, Ali and Martin, Randolph P. and McCarthy, Patrick M. and Rubenson, David S. and Goldstein, Steven and Little, Stephen H. and Lang, Roberto M. and Weissman, Neil J. and Thomas, James D.},
    title = "{Utility of a Deep-Learning Algorithm to Guide Novices to Acquire Echocardiograms for Limited Diagnostic Use}",
    journal = {JAMA Cardiology},
    volume = {6},
    number = {6},
    pages = {624-632},
    year = {2021},
    month = {06},
    issn = {2380-6583},
    doi = {10.1001/jamacardio.2021.0185},
    url = {https://doi.org/10.1001/jamacardio.2021.0185},
    eprint = {https://jamanetwork.com/journals/jamacardiology/articlepdf/2776714/jamacardiology\_narang\_2021\_oi\_210005\_1623268684.73187.pdf},
}


@article{asch2021CircImaging,
author = {Federico M. Asch  and Victor Mor-Avi  and David Rubenson  and Steven Goldstein  and Muhamed Saric  and Issam Mikati  and Samuel Surette  and Ali Chaudhry  and Nicolas Poilvert  and Ha Hong  and Russ Horowitz  and Daniel Park  and Jose L. Diaz-Gomez  and Brandon Boesch  and Sara Nikravan  and Rachel B. Liu  and Carolyn Philips  and James D. Thomas  and Randolph P. Martin  and Roberto M. Lang },
title = {Deep Learning-Based Automated Echocardiographic Quantification of Left Ventricular Ejection Fraction: A Point-of-Care Solution},
journal = {Circulation: Cardiovascular Imaging},
volume = {14},
number = {6},
pages = {e012293},
year = {2021},
doi = {10.1161/CIRCIMAGING.120.012293},
URL = {https://www.ahajournals.org/doi/abs/10.1161/CIRCIMAGING.120.012293},
eprint = {https://www.ahajournals.org/doi/pdf/10.1161/CIRCIMAGING.120.012293}
}




@article{asch2019CIRIMAGING,
author = {Federico M. Asch  and Nicolas Poilvert  and Theodore Abraham  and Madeline Jankowski  and Jayne Cleve  and Michael Adams  and Nathanael Romano  and Ha Hong  and Victor Mor-Avi  and Randolph P. Martin  and Roberto M. Lang },
title = {Automated Echocardiographic Quantification of Left Ventricular Ejection Fraction Without Volume Measurements Using a Machine Learning Algorithm Mimicking a Human Expert},
journal = {Circulation: Cardiovascular Imaging},
volume = {12},
number = {9},
pages = {e009303},
year = {2019},
doi = {10.1161/CIRCIMAGING.119.009303},
URL = {https://www.ahajournals.org/doi/abs/10.1161/CIRCIMAGING.119.009303},
eprint = {https://www.ahajournals.org/doi/pdf/10.1161/CIRCIMAGING.119.009303}
}






@misc{ouyang-NeuripsML4H2019,
      title={
EchoNet-Dynamic: a Large New Cardiac Motion Video Data Resource for Medical Machine Learing}, 
      author={
Ouyang, David 
and He, Bryan
and Ghorbani, Amirata
and Lungren P. Matt
and Ashley Euan A.
and Liang David H.
and Zou James Y.},
year={2019},
booktitle = 	 {Proceedings of the Machine Learning for Health NeurIPS Workshop}
}

 


@Article{Ouyang-Nature-APR2020,
author={Ouyang, David
and He, Bryan
and Ghorbani, Amirata
and Yuan, Neal
and Ebinger, Joseph
and Langlotz, Curtis P.
and Heidenreich, Paul A.
and Harrington, Robert A.
and Liang, David H.
and Ashley, Euan A.
and Zou, James Y.},
title={Video-based AI for beat-to-beat assessment of cardiac function},
journal={Nature},
year={2020},
month={Apr},
day={01},
volume={580},
number={7802},
pages={252-256},
issn={1476-4687},
doi={10.1038/s41586-020-2145-8},
url={https://doi.org/10.1038/s41586-020-2145-8}
}



@Article{Ghorbani-DigitalMedicineNature-JAN2020,
author={Ghorbani, Amirata
and Ouyang, David
and Abid, Abubakar
and He, Bryan
and Chen, Jonathan H.
and Harrington, Robert A.
and Liang, David H.
and Ashley, Euan A.
and Zou, James Y.},
title={Deep learning interpretation of echocardiograms},
journal={npj Digital Medicine},
year={2020},
month={Jan},
day={24},
volume={3},
number={1},
pages={10},
issn={2398-6352},
doi={10.1038/s41746-019-0216-8},
url={https://doi.org/10.1038/s41746-019-0216-8}
}

@InProceedings{chartsias2021-ASMUS,
author="Chartsias, Agisilaos
and Gao, Shan
and Mumith, Angela
and Oliveira, Jorge
and Bhatia, Kanwal
and Kainz, Bernhard
and Beqiri, Arian",
editor="Noble, J. Alison
and Aylward, Stephen
and Grimwood, Alexander
and Min, Zhe
and Lee, Su-Lin
and Hu, Yipeng",
title="Contrastive Learning for View Classification of Echocardiograms",
booktitle="Simplifying Medical Ultrasound",
year="2021",
publisher="Springer International Publishing",
address="Cham",
pages="149--158",
isbn="978-3-030-87583-1"
}


@misc{saeed2021MIDL,
      title={Is Contrastive Learning Suitable for Left Ventricular Segmentation in Echocardiographic Images?}, 
      author={Saeed Mohamed and Rand Muhtaseb and Yaqub Mohammad},
      year={2021},
}


@InProceedings{labs2021_in_miua,
author="Labs, Robert B.
and Zolgharni, Massoud
and Loo, Jonathan P.",
editor="Papie{\.{z}}, Bart{\l}omiej W.
and Yaqub, Mohammad
and Jiao, Jianbo
and Namburete, Ana I. L.
and Noble, J. Alison",
title="Echocardiographic Image Quality Assessment Using Deep Neural Networks",
booktitle="Medical Image Understanding and Analysis",
year="2021",
publisher="Springer International Publishing",
address="Cham",
pages="488--502",
isbn="978-3-030-80432-9"
}

@InProceedings{laumer2020,
  title = 	 {DeepHeartBeat: Latent trajectory learning of cardiac cycles using cardiac ultrasounds},
  author =       {Laumer, Fabian and Fringeli, Gabriel and Dubatovka, Alina and Manduchi, Laura and Buhmann, Joachim M.},
  booktitle = 	 {Proceedings of the Machine Learning for Health NeurIPS Workshop},
  pages = 	 {194--212},
  year = 	 {2020},
  editor = 	 {Alsentzer, Emily and McDermott, Matthew B. A. and Falck, Fabian and Sarkar, Suproteem K. and Roy, Subhrajit and Hyland, Stephanie L.},
  volume = 	 {136},
  series = 	 {Proceedings of Machine Learning Research},
  month = 	 {11 Dec},
  publisher =    {PMLR},
  pdf = 	 {http://proceedings.mlr.press/v136/laumer20a/laumer20a.pdf},
  url = 	 {https://proceedings.mlr.press/v136/laumer20a.html},
}

@article{cambell2018,
title = {Point-of-Care Ultrasound in the Intensive Care Unit},
journal = {Clinics in Chest Medicine},
volume = {39},
number = {1},
pages = {79-97},
year = {2018},
note = {Interventional Pulmonology: An Update},
issn = {0272-5231},
doi = {https://doi.org/10.1016/j.ccm.2017.11.005},
url = {https://www.sciencedirect.com/science/article/pii/S0272523117301168},
author = {Steven J. Campbell and Rabih Bechara and Shaheen Islam},
keywords = {Ultrasound, Critical care, Point-of-care, Thoracic ultrasound, Cardiac ultrasound}
}
`

@article{field2011,
author = {Larry C. Field and George J. Guldan and Alan C. Finley},
title ={Echocardiography in the Intensive Care Unit},
journal = {Seminars in Cardiothoracic and Vascular Anesthesia},
volume = {15},
number = {1-2},
pages = {25-39},
year = {2011},
doi = {10.1177/1089253211411734},
note ={PMID: 21719547},
URL = {https://doi.org/10.1177/1089253211411734},
eprint = {https://doi.org/10.1177/1089253211411734}
}



@article{Feigenbaum1996,
author = {Harvey Feigenbaum},
title = {Evolution of Echocardiography},
journal = {Circulation},
volume = {93},
number = {7},
pages = {1321-1327},
year = {1996},
doi = {10.1161/01.CIR.93.7.1321},
url = {https://www.ahajournals.org/doi/abs/10.1161/01.CIR.93.7.1321},
eprint = {https://www.ahajournals.org/doi/pdf/10.1161/01.CIR.93.7.1321}
}

@Article{singh2007,
author={Singh, Siddharth
and Goyal, Abha},
title={The origin of echocardiography: a tribute to Inge Edler},
journal={Texas Heart Institute journal},
year={2007},
publisher={Texas Heart Institute},
volume={34},
number={4},
pages={431-438},
issn={0730-2347},
url={https://pubmed.ncbi.nlm.nih.gov/18172524},
language={eng}
}


@Article{Vieillard-Baron2008,
author={Vieillard-Baron, Antoine
and Slama, Michel
and Cholley, Bernard
and Janvier, G{\'e}rard
and Vignon, Philippe},
title={Echocardiography in the intensive care unit: from evolution to revolution?},
journal={Intensive Care Medicine},
year={2008},
month={Feb},
day={01},
volume={34},
number={2},
pages={243-249},
issn={1432-1238},
doi={10.1007/s00134-007-0923-5},
url={https://doi.org/10.1007/s00134-007-0923-5}
}

@inproceedings{yuan2017,
author = {Baichuan  Yuan and Sathya R. Chitturi and Geoffrey Iyer and Nuoyu Li and Xiaochuan Xu and Ruohan Zhan and Rafael Llerena and Jesse T. Yen and Andrea L. Bertozzi},
title = {{Machine learning for cardiac ultrasound time series data}},
volume = {10137},
booktitle = {Medical Imaging 2017: Biomedical Applications in Molecular, Structural, and Functional Imaging},
editor = {Andrzej Krol and Barjor Gimi},
organization = {International Society for Optics and Photonics},
publisher = {SPIE},
pages = {617 -- 624},
keywords = {Machine Learning, Echocardiography, Non-negative matrix factorization, Clustering, Automatic},
year = {2017},
doi = {},
URL = {https://doi.org/10.1117/12.2254704}
}

@inproceedings{dukler2018,
author = {Yoni Dukler and Yurun Ge and Yizhou Qian and Shintaro Yamamoto and Baichuan  Yuan and Long Zhao and Andrea L. Bertozzi and Blake Hunter and Rafael Llerena and Jesse T. Yen},
title = {{Automatic valve segmentation in cardiac ultrasound time series data}},
volume = {10574},
booktitle = {Medical Imaging 2018: Image Processing},
editor = {Elsa D. Angelini and Bennett A. Landman},
organization = {International Society for Optics and Photonics},
publisher = {SPIE},
pages = {493 -- 504},
keywords = {Nonnegative Matrix Factorization, robust, sparse, Cardiac Ultrasound, time series, Valve Detection, Motion segmentation},
year = {2018},
doi = {},
URL = {https://doi.org/10.1117/12.2293255}
}


@article{zhang2018,
author = {Jeffrey Zhang  and Sravani Gajjala  and Pulkit Agrawal  and Geoffrey H. Tison  and Laura A. Hallock  and Lauren Beussink-Nelson  and Mats H. Lassen  and Eugene Fan  and Mandar A. Aras  and ChaRandle Jordan  and Kirsten E. Fleischmann  and Michelle Melisko  and Atif Qasim  and Sanjiv J. Shah  and Ruzena Bajcsy  and Rahul C. Deo },
title = {Fully Automated Echocardiogram Interpretation in Clinical Practice},
journal = {Circulation},
volume = {138},
number = {16},
pages = {1623-1635},
year = {2018},
doi = {10.1161/CIRCULATIONAHA.118.034338},
url = {https://www.ahajournals.org/doi/abs/10.1161/CIRCULATIONAHA.118.034338},
eprint = {https://www.ahajournals.org/doi/pdf/10.1161/CIRCULATIONAHA.118.034338}
}


@Article{kusunose2021,
author={Kusunose, Kenya},
title={Steps to use artificial intelligence in echocardiography},
journal={Journal of Echocardiography},
year={2021},
month={Mar},
day={01},
volume={19},
number={1},
pages={21-27},
issn={1880-344X},
doi={10.1007/s12574-020-00496-4},
url={https://doi.org/10.1007/s12574-020-00496-4}
}


@article{liu2021,
author = {Liu, Xin and Fan, Yiting and Li, Shuang and Chen, Meixiang and Li, Ming and Hau, William Kongto and Zhang, Heye and Xu, Lin and Lee, Alex Pui-Wai},
title = {Deep learning-based automated left ventricular ejection fraction assessment using 2-D echocardiography},
journal = {American Journal of Physiology-Heart and Circulatory Physiology},
volume = {321},
number = {2},
pages = {H390-H399},
year = {2021},
doi = {10.1152/ajpheart.00416.2020},
    note ={PMID: 34170197},
URL = {
        https://doi.org/10.1152/ajpheart.00416.2020
},
eprint = {
        https://doi.org/10.1152/ajpheart.00416.2020
}
}

@ARTICLE{bernard2016TMI,
  author={
  Bernard, Olivier and
  Bosch, Johan G. and
  Heyde, Brecht and
  Alessandrini, Martino and
  Barbosa, Daniel and
  Camarasu-Pop, Sorina and
  Cervenansky, Frederic and
  Valette, Sébastien and
  Mirea, Oana and
  Bernier, Michel and
  Jodoin, Pierre-Marc and
  Domingos, Jaime Santo and
  Stebbing, Richard V. and
  Keraudren, Kevin and
  Oktay, Ozan and
  Caballero, Jose and
  Shi, Wei and
  Rueckert, Daniel and
  Milletari, Fausto and
  Ahmadi, Seyed-Ahmad and
  Smistad, Erik and
  Lindseth, Frank and
  van Stralen, Maartje and
  Wang, Chen and
  Smedby, {\"O}rjan and
  Donal, Erwan and
  Monaghan, Mark and
  Papachristidis, Alex and
  Geleijnse, Marcel L. and
  Galli, Elena and
  D'hooge, Jan},
  journal={IEEE Transactions on Medical Imaging},
  title={Standardized Evaluation System for Left Ventricular Segmentation Algorithms in 3D Echocardiography},
  year={2016},
  volume={35},
  number={4},
  pages={967-977},
  doi={10.1109/TMI.2015.2503890},
}
